<record><leader>00000cas a22000007a 4500</leader><controlfield tag="001">9642272</controlfield><controlfield tag="008">830624d19541980nhudn ne      0    0eng d</controlfield><datafield ind1=" " ind2=" " tag="010"><subfield code="a">sn 83045725 </subfield></datafield><datafield ind1=" " ind2=" " tag="040"><subfield code="a">CRL</subfield><subfield code="b">eng</subfield><subfield code="c">CRL</subfield><subfield code="d">OCLCQ</subfield></datafield><datafield ind1=" " ind2=" " tag="042"><subfield code="a">msc</subfield></datafield><datafield ind1=" " ind2=" " tag="043"><subfield code="a">n-us-nh</subfield></datafield><datafield ind1="0" ind2=" " tag="130"><subfield code="a">Manchester union leader (1954)</subfield></datafield><datafield ind1="1" ind2="0" tag="245"><subfield code="a">Manchester union leader.</subfield></datafield><datafield ind1="1" ind2="7" tag="246"><subfield code="a">Manchester (N.H.) union leader</subfield></datafield><datafield ind1=" " ind2=" " tag="250"><subfield code="a">City ed.</subfield></datafield><datafield ind1=" " ind2=" " tag="260"><subfield code="a">Manchester, N.H. :</subfield><subfield code="b">Union Leader Corp.,</subfield><subfield code="c">-1980.</subfield></datafield><datafield ind1=" " ind2=" " tag="300"><subfield code="a">v. :</subfield><subfield code="b">ill.</subfield></datafield><datafield ind1="1" ind2=" " tag="362"><subfield code="a">Began 1954?</subfield><subfield code="z">Cf. NIM, 1948-1972.</subfield></datafield><datafield ind1="0" ind2=" " tag="362"><subfield code="a">-118th year, no. 152 (Sept. 23, 1980).</subfield></datafield><datafield ind1=" " ind2=" " tag="530"><subfield code="a">Also issued on microfilm from Graphic Microfilm Division, Spaulding Co.</subfield></datafield><datafield ind1=" " ind2=" " tag="588"><subfield code="a">Description based on: 118th year, no. 152 (Sept. 23, 1980).</subfield></datafield><datafield ind1=" " ind2="4" tag="651"><subfield code="a">Manchester (N.H.)</subfield><subfield code="v">Newspapers.</subfield></datafield><datafield ind1=" " ind2=" " tag="752"><subfield code="a">United States</subfield><subfield code="b">New Hampshire</subfield><subfield code="c">Hillsborough</subfield><subfield code="d">Manchester.</subfield></datafield><datafield ind1="0" ind2="0" tag="785"><subfield code="t">Union leader (Manchester, N.H. : Greater Manchester ed.)</subfield><subfield code="w">(DLC)sn 83045745</subfield><subfield code="w">(OCoLC)9638362</subfield></datafield></record>